@article{Webb:2000:MTC:350128.350132,
 author = {Webb, Geoffrey I.},
 title = {MultiBoosting: A Technique for Combining Boosting and Wagging},
 journal = {Mach. Learn.},
 issue_date = {Aug. 2000},
 volume = {40},
 number = {2},
 month = aug,
 year = {2000},
 issn = {0885-6125},
 pages = {159--196},
 numpages = {38},
 url = {https://doi.org/10.1023/A:1007659514849},
 doi = {10.1023/A:1007659514849},
 acmid = {350132},
 publisher = {Kluwer Academic Publishers},
 address = {Hingham, MA, USA},
 keywords = {aggregation</kwd>, bagging</kwd>, boosting</kwd>, decision committee</kwd>, decision tree</kwd>, wagging</kwd>},
}