@article{Breiman:2001:UIB:514915.514917,
 author = {Breiman, Leo},
 title = {Using Iterated Bagging to Debias Regressions},
 journal = {Mach. Learn.},
 issue_date = {December 2001},
 volume = {45},
 number = {3},
 month = dec,
 year = {2001},
 issn = {0885-6125},
 pages = {261--277},
 numpages = {17},
 url = {https://doi.org/10.1023/A:1017934522171},
 doi = {10.1023/A:1017934522171},
 acmid = {514917},
 publisher = {Kluwer Academic Publishers},
 address = {Hingham, MA, USA},
 keywords = {bagging, out-of-bag, regression, unbiased residuals},
}